@inproceedings{Yao82,
  title={Theory and {Application} of {Trapdoor} {Functions}},
  author={Yao, Andrew C},
  booktitle={Proceedings of the 23rd Annual Symposium on Foundations of Computer Science (FOCS)},
  pages={80--91},
  year={1982},
  organization={IEEE}
}

@inproceedings{Imp95,
  title={Hard-core {Distributions} for {Somewhat} {Hard} {Problems}},
  author={Impagliazzo, Russell},
  booktitle={Proceedings of 36th Annual Foundations of Computer Science (FOCS)},
  pages={538--545},
  year={1995},
}

@inproceedings{BonehLipton,
  author = {Boneh, Dan and Lipton, Richard },
  booktitle = {Proceedings of 6th Annual Conference on Learning Theory (COLT)},
  pages = {347-351},
  title = {Amplification of {Weak} {Learning} over the {Uniform} {Distribution}},
  year = {1993}
}

@inproceedings{iw97,
author = {Impagliazzo, Russell and Wigderson, Avi},
title = {{P} = {BPP} if {E} {Requires} {Exponential} {Circuits}: {Derandomizing} the {XOR} {Lemma}},
year = {1997},
isbn = {0897918886},
publisher = {Association for Computing Machinery},
address = {New York, NY, USA},
url = {https://doi.org/10.1145/258533.258590},
doi = {10.1145/258533.258590},
booktitle = {Proceedings of the Twenty-Ninth Annual ACM Symposium on Theory of Computing},
pages = {220–229},
numpages = {10},
location = {El Paso, Texas, USA},
series = {STOC '97}
}

@article{STV99,
title = {Pseudorandom {Generators} without the {XOR} {Lemma}},
journal = {Journal of Computer and System Sciences},
volume = {62},
number = {2},
pages = {236-266},
year = {2001},
issn = {0022-0000},
doi = {https://doi.org/10.1006/jcss.2000.1730},
url = {https://www.sciencedirect.com/science/article/pii/S0022000000917306},
author = {Madhu Sudan and Luca Trevisan and Salil Vadhan}
}

@article{NW94,
title = {{Hardness} vs. {Randomness}},
journal = {Journal of Computer and System Sciences},
volume = {49},
number = {2},
pages = {149-167},
year = {1994},
issn = {0022-0000},
doi = {https://doi.org/10.1016/S0022-0000(05)80043-1},
url = {https://www.sciencedirect.com/science/article/pii/S0022000005800431},
author = {Noam Nisan and Avi Wigderson}
}

@inproceedings{goldreichlevin,
author = {Goldreich, O. and Levin, L. A.},
title = {A {Hard-core} {Predicate} for all {One-way} {Functions}},
year = {1989},
isbn = {0897913078},
publisher = {Association for Computing Machinery},
address = {New York, NY, USA},
url = {https://doi.org/10.1145/73007.73010},
doi = {10.1145/73007.73010},
booktitle = {Proceedings of the Twenty-First Annual ACM Symposium on Theory of Computing},
pages = {25–32},
numpages = {8},
location = {Seattle, Washington, USA},
series = {STOC '89}
}